<?xml version="1.0" encoding="UTF-8"?><collection><record><leader>07192ntm a2200565 a 4500</leader><controlfield tag="001">006834867</controlfield><controlfield tag="003">MiAaHDL</controlfield><controlfield tag="005">20190719000000.0</controlfield><controlfield tag="006">m        d        </controlfield><controlfield tag="007">cr bn ---auaua</controlfield><controlfield tag="008">090707s17uu    xx            00| ||ara d</controlfield><datafield tag="035" ind1=" " ind2=" "><subfield code="a">(MiU)006834867</subfield></datafield><datafield tag="035" ind1=" " ind2=" "><subfield code="a">sdr-miu006834867</subfield></datafield><datafield tag="040" ind1=" " ind2=" "><subfield code="a">MiU</subfield><subfield code="c">MiU</subfield><subfield code="e">amremm</subfield></datafield><datafield tag="043" ind1=" " ind2=" "><subfield code="a">n-us-mi</subfield></datafield><datafield tag="100" ind1="1" ind2=" "><subfield code="6">880-01</subfield><subfield code="a">Rāghib al-Iṣfahānī, Abū al-Qāsim al-Ḥusayn ibn Muḥammad,</subfield><subfield code="d">-1108 or 1109.</subfield></datafield><datafield tag="245" ind1="1" ind2="0"><subfield code="6">880-03</subfield><subfield code="a">[Mufradāt alfāẓ al-Qurʼān,</subfield><subfield code="f">18th century?].</subfield></datafield><datafield tag="246" ind1="3" ind2=" "><subfield code="a">Mufridāt fī gharīb al-Qurʼān</subfield></datafield><datafield tag="246" ind1="3" ind2=" "><subfield code="i">Edge title (tail):</subfield><subfield code="a">بمفردات الراغب</subfield></datafield><datafield tag="260" ind1=" " ind2=" "><subfield code="c">[17--?].</subfield></datafield><datafield tag="300" ind1=" " ind2=" "><subfield code="a">267 leaves :</subfield><subfield code="b">paper ;</subfield><subfield code="c">260 x 170 (177 x 98) mm.</subfield></datafield><datafield tag="500" ind1=" " ind2=" "><subfield code="a">Shelfmark: Ann Arbor, University of Michigan, Special Collections Library, Isl. Ms. 1030</subfield></datafield><datafield tag="500" ind1=" " ind2=" "><subfield code="a">Origin: Lacks dated colophon ; paper, decoration, etc. would suggest 18th century.</subfield></datafield><datafield tag="500" ind1=" " ind2=" "><subfield code="a">Former shelfmark: Mich. Isl. Ms. temp. no. 179</subfield></datafield><datafield tag="500" ind1=" " ind2=" "><subfield code="a">Binding: Pasteboards covered in red leather ; Type II binding (with flap, now lost) ; lower doublure (board lining) in olive green-tinted and gold-flecked paper ; lower cover carries stamped and gold-painted mandorla (filled with symmetrical vegetal composition reminiscent of Déroche class. OSd 3 or 9) and pendants with gold-tooled and painted accents in small rosettes and strokes, as well as tooled guilloché roll border and gold-painted rules ; once sewn in light blue thread, two stations, now failed ; worked endbands in light blue and gold, only traces of tailband and primaries remain ; overall in extremely poor condition with spine leather and lining, upper cover and flap entirely lost, partial losses and severe staining / abrasion to lower cover (also fully detached), pest damage, etc. ; housed in box for protection.</subfield></datafield><datafield tag="500" ind1=" " ind2=" "><subfield code="a">Support: European laid paper of several types ; mainly a type with 10 laid lines per cm. (horizontal), chain lines spaced 27-29 mm. apart (vertical), and watermark of scrollwork (see p.22, 388, 500, etc.) ; another type with 12 laid lines per cm. (horizontal), chain lines spaced 21-25 mm. apart (vertical) and watermark of large double-headed eagle under crown and scroll with "B G" underneath and shield / escutcheon at center with six circles and band of smaller eagles (see p.112, 132, 172, etc.) ; another type with 10 laid lines per cm. (horizontal), chain lines spaced 25-27 mm. apart (vertical), and watermark of grapes / raisin (see p.346, etc.) and name "...MON" (see p.324, 348, etc.) ; another type with 9 laid lines per cm. (horizontal), chain lines spaced 25-29 mm. apart (vertical), watermark of grapes (raisin) under crown (see p.378, etc.) and "P G" countermark (see p.394, etc.) ; burn and losses to leaves (with loss of text in final leaves, p.505 to close).</subfield></datafield><datafield tag="500" ind1=" " ind2=" "><subfield code="a">Decoration: Illuminated headpiece (ʻunwān / sarlawḥ) in at opening on p.4 consisting of rectangular panel with empty gold cartouche flanked by floral accents in gold, blue, and orange-red on grounds of blue and gold, surmounted by scalloped w-shaped piece filled with swirling floral vegetal decoration in gold with blue and orange red accents on a blue and gold ground, all set in a well consisting of bands of blue, gold interlace and orange red and surmounted by vertical stalks (tīgh) in blue with red accents ; section headings set off in simple illuminated rectangular pieces ; written area surrounded by a heavy gold frame defined by black fillets and outermost red rule ; keywords, section headings, notabilia, occasional vocalization and some abbreviation symbols rubricated ; occasional textual dividers in the form of hāʼ in red.</subfield></datafield><datafield tag="500" ind1=" " ind2=" "><subfield code="a">Script: Naskh ; elegant, carefully executed Ottoman hand in a thin line ; mainly serifless (though very subtle head-serif occasionally appears) with effect of tilt to the left though adhering to baseline, marked elongation of horizontal strokes, curvilinear descenders (many sweeping), pointing mainly in distinct dots, many open counters, partially vocalized.</subfield></datafield><datafield tag="500" ind1=" " ind2=" "><subfield code="a">Layout: Written in 25 lines per page ; frame-ruled.</subfield></datafield><datafield tag="500" ind1=" " ind2=" "><subfield code="a">Collation: i, V-1 (9), 13 V(139), IV (147), 12 V(267) ; almost exclusively quinions ; catchwords present ; pagination in pencil, Western numerals, supplied during digitization (includes front flyleaf).</subfield></datafield><datafield tag="500" ind1=" " ind2=" "><subfield code="a">Explicit: "قال الله تعالى واتوا النساء وصدقاتهن نحلة والانتحال ادعاء الشيء وتناوله ومنه يقال فلان ينتحل الشعر ونحل جسما"</subfield></datafield><datafield tag="500" ind1=" " ind2=" "><subfield code="a">Incipit: "الحمد لله رب العالمين وصلواته على نبيه محمد واله اجمعين قال الشيخ ابو القاسم الحسين ابن محمد ابن المفضل الراغب ... كنت قد ذكرت في الرسالة المنبهة على فوائد القرآن ان الله تعالى كما جعل النبوة بنبينا مختتمة وجعل شرائعهم شريعة من وجه منتسخة ... فالفاظ القرآن هي لب كلام العرب وزبدته وواسطته وكرائمه ... وقد استخرت الله تعالى باملاء كتاب مستوفى فيه مفردات الفاظ القرآن على حروف التهجي ..."</subfield></datafield><datafield tag="500" ind1=" " ind2=" "><subfield code="a">Title supplied by cataloguer from opening matter on p.6.</subfield></datafield><datafield tag="500" ind1=" " ind2=" "><subfield code="a">Ms. codex.</subfield></datafield><datafield tag="510" ind1="4" ind2=" "><subfield code="a">Rowson, E.K. "al-Rag̲h̲ibal- Iṣfahānī, Abu 'l-Ḳāsim al-Ḥusayn b. Muḥammad b. al- Mufaḍḍal." In EI2,</subfield><subfield code="c">vol.VIII, p.389, col.2</subfield></datafield><datafield tag="510" ind1="4" ind2=" "><subfield code="a">Brockelmann, C. GAL,</subfield><subfield code="c">I 289 ; S I 505-6</subfield></datafield><datafield tag="520" ind1="8" ind2=" "><subfield code="a">Elegant though incomplete copy of the alphabetic lexicon of Qurʼānic vocabulary compiled by Abū al-Qāsim al-Ḥusayn ibn Muḥammad ibn al-Mufaḍḍal al-Rāghib al-Isfahānī (d.1108 or 9).</subfield></datafield><datafield tag="538" ind1=" " ind2=" "><subfield code="a">Mode of access: Internet.</subfield></datafield><datafield tag="541" ind1=" " ind2=" "><subfield code="c">Purchase ;</subfield><subfield code="a">Purchased in Egypt by Mr. Sulaiman ;</subfield><subfield code="d">Received: 1968 ;</subfield><subfield code="e">(Sulaiman 690713-156)</subfield></datafield><datafield tag="546" ind1=" " ind2=" "><subfield code="a">Arabic.</subfield></datafield><datafield tag="561" ind1=" " ind2=" "><subfield code="a">UM Library inscription on verso of added front flyleaf (p.2) "Spec. Coll. Lib. 690713-156 Sulaiman 1968" ; on 'title page' now obscured by affixed bifolium, a waqf statement dated 1212 [1797 or 8] in name of Katkhudā-yi Baghdād Aḥmad Pāshā ( كتخداى بغداد احمد پاشا / Kethüda-yi Bağdad Ahmet Paşa ) accompanied by two oval seal impressions (compare statement in Isl. Ms. 1014) ; notabilia (side-heads).</subfield></datafield><datafield tag="630" ind1="0" ind2="0"><subfield code="a">Qurʼan</subfield><subfield code="x">Language, style</subfield><subfield code="v">Dictionaries</subfield><subfield code="x">Arabic</subfield><subfield code="v">Early works to 1800.</subfield></datafield><datafield tag="630" ind1="0" ind2="0"><subfield code="a">Qurʼan</subfield><subfield code="v">Dictionaries</subfield><subfield code="v">Early works to 1800.</subfield></datafield><datafield tag="650" ind1=" " ind2="0"><subfield code="a">Manuscripts, Arabic</subfield><subfield code="z">Michigan</subfield><subfield code="z">Ann Arbor.</subfield></datafield><datafield tag="650" ind1=" " ind2="0"><subfield code="a">Arabic language</subfield><subfield code="v">Dictionaries</subfield><subfield code="x">Arabic</subfield><subfield code="v">Early works to 1800.</subfield></datafield><datafield tag="650" ind1=" " ind2="0"><subfield code="a">Arabic language</subfield><subfield code="v">Glossaries, vocabularies, etc.</subfield><subfield code="v">Early works to 1800.</subfield></datafield><datafield tag="655" ind1=" " ind2="7"><subfield code="a">Headpieces (layout features)</subfield><subfield code="y">18th century.</subfield><subfield code="2">aat</subfield></datafield><datafield tag="773" ind1="0" ind2=" "><subfield code="a">Sulaiman Purchase Collection.</subfield></datafield><datafield tag="880" ind1="1" ind2="0"><subfield code="6">245-03/</subfield><subfield code="a">[مفردات الفاظ القرآن,</subfield><subfield code="f">القرن 18م؟].</subfield></datafield><datafield tag="880" ind1="1" ind2=" "><subfield code="6">100-01/</subfield><subfield code="a">راغب الاصفهاني، ابو القاسم الحسين بن محمد.</subfield></datafield><datafield tag="CID" ind1=" " ind2=" "><subfield code="a">006834867</subfield></datafield><datafield tag="DAT" ind1="0" ind2=" "><subfield code="a">20190719102641.0</subfield><subfield code="b">20190719000000.0</subfield></datafield><datafield tag="DAT" ind1="1" ind2=" "><subfield code="a">20190719090653.0</subfield><subfield code="b">2019-07-19T16:12:29Z</subfield></datafield><datafield tag="DAT" ind1="2" ind2=" "><subfield code="a">2015-10-02T18:00:03Z</subfield></datafield><datafield tag="CAT" ind1=" " ind2=" "><subfield code="a">SDR-MIU</subfield><subfield code="d">EX LIBRIS - ALEPH</subfield><subfield code="l">prepare.pl-004-008</subfield></datafield><datafield tag="FMT" ind1=" " ind2=" "><subfield code="a">BK</subfield></datafield><datafield tag="HOL" ind1=" " ind2=" "><subfield code="0">sdr-miu006834867</subfield><subfield code="a">MiU</subfield><subfield code="b">SDR</subfield><subfield code="c">MIU</subfield><subfield code="p">mdp.39015079132174</subfield><subfield code="s">MIU</subfield><subfield code="1">006834867</subfield></datafield><datafield tag="974" ind1=" " ind2=" "><subfield code="b">MIU</subfield><subfield code="c">MIU</subfield><subfield code="d">20190719</subfield><subfield code="s">lit-dlps-dc</subfield><subfield code="u">mdp.39015079132174</subfield><subfield code="y">1799</subfield><subfield code="r">pd</subfield><subfield code="q">bib</subfield><subfield code="t">non-US bib date1 &lt; 1879</subfield></datafield></record></collection>